@article{yangmills,
  title = "{Conservation of Isotopic Spin and Isotopic Gauge Invariance}",
  author = {Yang, C. N. and Mills, R. L.},
  journal = {Phys. Rev.},
  volume = {96},
  issue = {1},
  pages = {191-195},
  numpages = {0},
  year = {1954},
  month = "10",
  publisher = {American Physical Society},
  doi = {10.1103/PhysRev.96.191},
  url = {https://link.aps.org/doi/10.1103/PhysRev.96.191}
}

@book{maggiore,
    author = "Maggiore, M.",
    title = "{A Modern introduction to quantum field theory}",
    month = "9",
    year = "2005"
}

@book{peskin,
    author = "Peskin, M E. and Schroeder, D. V.",
    title = "{An Introduction to quantum field theory}",
    isbn = "978-0-201-50397-5",
    publisher = "Addison-Wesley",
    address = "Reading, USA",
    year = "1995"
}

@book{greiner,
    author = "Greiner, W. and Schramm, S. and Stein, E.",
    title = "{Quantum chromodynamics}",
    month = "11",
    year = "2002"
}

@article{historyqcd,
      authors       = " H. Fritzsch",
      title         = "{The history of QCD}",
      journal       = "CERN Courier",
      number        = "8",
      volume        = "52",
      pages         = "21-25",
      month         = "10",
      year          = "2012",
      url           = "https://cds.cern.ch/record/1734855",
}

@article{gellmann,
    author = "Gell-Mann, Murray",
    title = "{The Eightfold Way: A Theory of strong interaction symmetry}",
    doi = "10.2172/4008239",
    month = "3",
    year = "1961"
}

@article{partons,
  title = "{Very High-Energy Collisions of Hadrons}",
  author = {Feynman, Richard P.},
  journal = {Phys. Rev. Lett.},
  volume = {23},
  issue = {24},
  pages = {1415-1417},
  numpages = {0},
  year = {1969},
  month = "12",
  publisher = {American Physical Society},
  doi = {10.1103/PhysRevLett.23.1415},
  url = {https://link.aps.org/doi/10.1103/PhysRevLett.23.1415}
}

@article{bjorkenimf,
  title = "{Asymptotic Sum Rules at Infinite Momentum}",
  author = {Bjorken, J. D.},
  journal = {Phys. Rev.},
  volume = {179},
  issue = {5},
  pages = {1547-1553},
  numpages = {0},
  year = {1969},
  month = "3",
  publisher = {American Physical Society},
  doi = {10.1103/PhysRev.179.1547},
  url = {https://link.aps.org/doi/10.1103/PhysRev.179.1547}
}

@misc{torre,
  author        = {Torre, C.},
  title         = "{Introduction to Classical Field Theory}",
  year          = {2016},
  publisher={Department of Physics, Utah State University},
  url = {https://digitalcommons.usu.edu/lib_mono/3/}
}

@misc{gelisqft,
  author        = {Gelis, F.},
  title         = "{Quantum Field Theory II}",
  year          = "{2017-2018}",
  publisher={Master HEP, Ecole Polytechnique},
  url = {https://www.ipht.fr/Pisp/francois.gelis/Teaching/index.php}
}

@misc{eichmann,
  author        = {Eichmann, G.},
  title         = "{Introduction to hadron physics}",
  year          = "{2014-2015}",
  publisher={University of Giessen},
  url = {http://cftp.ist.utl.pt/~gernot.eichmann/ws2014}
}

@article{pdg,
  title = "{Review of Particle Physics}",
  author = {Tanabashi, M. and others},
  collaboration = {Particle Data Group},
  journal = {Phys. Rev. D},
  volume = {98},
  issue = {3},
  pages = {030001},
  numpages = {1898},
  year = {2018},
  month = 9,
  publisher = {American Physical Society},
  doi = {10.1103/PhysRevD.98.030001},
  url = {https://link.aps.org/doi/10.1103/PhysRevD.98.030001}
}

@misc{tong,
  author        = {Tong, D.},
  title         = "{Lectures on Gauge Theory}",
  publisher={University of Cambridge},
  url = {http://www.damtp.cam.ac.uk/user/tong/gaugetheory.html}
}

@book{schwartz,
    author = "Schwartz, M. D.",
    title = "{Quantum Field Theory and the Standard Model}",
    isbn = "978-1-107-03473-0, 978-1-107-03473-0",
    publisher = "Cambridge University Press",
    month = "3",
    year = "2014"
}
